%YAML 1.1
%TAG !u! tag:unity3d.com,2011:
--- !u!29 &1
OcclusionCullingSettings:
  m_ObjectHideFlags: 0
  serializedVersion: 2
  m_OcclusionBakeSettings:
    smallestOccluder: 5
    smallestHole: 0.25
    backfaceThreshold: 100
  m_SceneGUID: 00000000000000000000000000000000
  m_OcclusionCullingData: {fileID: 0}
--- !u!104 &2
RenderSettings:
  m_ObjectHideFlags: 0
  serializedVersion: 9
  m_Fog: 0
  m_FogColor: {r: 0.5, g: 0.5, b: 0.5, a: 1}
  m_FogMode: 3
  m_FogDensity: 0.01
  m_LinearFogStart: 0
  m_LinearFogEnd: 300
  m_AmbientSkyColor: {r: 0.212, g: 0.227, b: 0.259, a: 1}
  m_AmbientEquatorColor: {r: 0.114, g: 0.125, b: 0.133, a: 1}
  m_AmbientGroundColor: {r: 0.047, g: 0.043, b: 0.035, a: 1}
  m_AmbientIntensity: 1
  m_AmbientMode: 3
  m_SubtractiveShadowColor: {r: 0.42, g: 0.478, b: 0.627, a: 1}
  m_SkyboxMaterial: {fileID: 0}
  m_HaloStrength: 0.5
  m_FlareStrength: 1
  m_FlareFadeSpeed: 3
  m_HaloTexture: {fileID: 0}
  m_SpotCookie: {fileID: 10001, guid: 0000000000000000e000000000000000, type: 0}
  m_DefaultReflectionMode: 0
  m_DefaultReflectionResolution: 128
  m_ReflectionBounces: 1
  m_ReflectionIntensity: 1
  m_CustomReflection: {fileID: 0}
  m_Sun: {fileID: 0}
  m_IndirectSpecularColor: {r: 0, g: 0, b: 0, a: 1}
  m_UseRadianceAmbientProbe: 0
--- !u!157 &3
LightmapSettings:
  m_ObjectHideFlags: 0
  serializedVersion: 12
  m_GIWorkflowMode: 1
  m_GISettings:
    serializedVersion: 2
    m_BounceScale: 1
    m_IndirectOutputScale: 1
    m_AlbedoBoost: 1
    m_EnvironmentLightingMode: 0
    m_EnableBakedLightmaps: 0
    m_EnableRealtimeLightmaps: 0
  m_LightmapEditorSettings:
    serializedVersion: 12
    m_Resolution: 2
    m_BakeResolution: 40
    m_AtlasSize: 1024
    m_AO: 0
    m_AOMaxDistance: 1
    m_CompAOExponent: 1
    m_CompAOExponentDirect: 0
    m_ExtractAmbientOcclusion: 0
    m_Padding: 2
    m_LightmapParameters: {fileID: 0}
    m_LightmapsBakeMode: 1
    m_TextureCompression: 1
    m_FinalGather: 0
    m_FinalGatherFiltering: 1
    m_FinalGatherRayCount: 256
    m_ReflectionCompression: 2
    m_MixedBakeMode: 2
    m_BakeBackend: 0
    m_PVRSampling: 1
    m_PVRDirectSampleCount: 32
    m_PVRSampleCount: 500
    m_PVRBounces: 2
    m_PVREnvironmentSampleCount: 500
    m_PVREnvironmentReferencePointCount: 2048
    m_PVRFilteringMode: 2
    m_PVRDenoiserTypeDirect: 0
    m_PVRDenoiserTypeIndirect: 0
    m_PVRDenoiserTypeAO: 0
    m_PVRFilterTypeDirect: 0
    m_PVRFilterTypeIndirect: 0
    m_PVRFilterTypeAO: 0
    m_PVREnvironmentMIS: 0
    m_PVRCulling: 1
    m_PVRFilteringGaussRadiusDirect: 1
    m_PVRFilteringGaussRadiusIndirect: 5
    m_PVRFilteringGaussRadiusAO: 2
    m_PVRFilteringAtrousPositionSigmaDirect: 0.5
    m_PVRFilteringAtrousPositionSigmaIndirect: 2
    m_PVRFilteringAtrousPositionSigmaAO: 1
    m_ExportTrainingData: 0
    m_TrainingDataDestination: TrainingData
    m_LightProbeSampleCountMultiplier: 4
  m_LightingDataAsset: {fileID: 0}
  m_LightingSettings: {fileID: 0}
--- !u!196 &4
NavMeshSettings:
  serializedVersion: 2
  m_ObjectHideFlags: 0
  m_BuildSettings:
    serializedVersion: 2
    agentTypeID: 0
    agentRadius: 0.5
    agentHeight: 2
    agentSlope: 45
    agentClimb: 0.4
    ledgeDropHeight: 0
    maxJumpAcrossDistance: 0
    minRegionArea: 2
    manualCellSize: 0
    cellSize: 0.16666667
    manualTileSize: 0
    tileSize: 256
    accuratePlacement: 0
    maxJobWorkers: 0
    preserveTilesOutsideBounds: 0
    debug:
      m_Flags: 0
  m_NavMeshData: {fileID: 0}
--- !u!4 &141697672 stripped
Transform:
  m_CorrespondingSourceObject: {fileID: 9061021865415277956, guid: d89f4f7ff4f55aa4d9b6e3709ad46319, type: 3}
  m_PrefabInstance: {fileID: 1076308779}
  m_PrefabAsset: {fileID: 0}
--- !u!4 &358697247 stripped
Transform:
  m_CorrespondingSourceObject: {fileID: 9061021865415277956, guid: d89f4f7ff4f55aa4d9b6e3709ad46319, type: 3}
  m_PrefabInstance: {fileID: 555903945}
  m_PrefabAsset: {fileID: 0}
--- !u!4 &447801283 stripped
Transform:
  m_CorrespondingSourceObject: {fileID: 9061021865415277956, guid: d89f4f7ff4f55aa4d9b6e3709ad46319, type: 3}
  m_PrefabInstance: {fileID: 1567068262}
  m_PrefabAsset: {fileID: 0}
--- !u!1 &454682253
GameObject:
  m_ObjectHideFlags: 0
  m_CorrespondingSourceObject: {fileID: 0}
  m_PrefabInstance: {fileID: 0}
  m_PrefabAsset: {fileID: 0}
  serializedVersion: 6
  m_Component:
  - component: {fileID: 454682259}
  - component: {fileID: 454682258}
  - component: {fileID: 454682257}
  - component: {fileID: 454682256}
  - component: {fileID: 454682255}
  - component: {fileID: 454682254}
  - component: {fileID: 454682260}
  - component: {fileID: 454682261}
  m_Layer: 0
  m_Name: Enemy
  m_TagString: Untagged
  m_Icon: {fileID: 0}
  m_NavMeshLayer: 0
  m_StaticEditorFlags: 0
  m_IsActive: 1
--- !u!95 &454682254
Animator:
  serializedVersion: 4
  m_ObjectHideFlags: 0
  m_CorrespondingSourceObject: {fileID: 0}
  m_PrefabInstance: {fileID: 0}
  m_PrefabAsset: {fileID: 0}
  m_GameObject: {fileID: 454682253}
  m_Enabled: 1
  m_Avatar: {fileID: 0}
  m_Controller: {fileID: 9100000, guid: bca4469e18a6dd74db654d375e5490c8, type: 2}
  m_CullingMode: 0
  m_UpdateMode: 0
  m_ApplyRootMotion: 0
  m_LinearVelocityBlending: 0
  m_StabilizeFeet: 0
  m_WarningMessage: 
  m_HasTransformHierarchy: 1
  m_AllowConstantClipSamplingOptimization: 1
  m_KeepAnimatorControllerStateOnDisable: 0
--- !u!50 &454682255
Rigidbody2D:
  serializedVersion: 4
  m_ObjectHideFlags: 0
  m_CorrespondingSourceObject: {fileID: 0}
  m_PrefabInstance: {fileID: 0}
  m_PrefabAsset: {fileID: 0}
  m_GameObject: {fileID: 454682253}
  m_BodyType: 0
  m_Simulated: 1
  m_UseFullKinematicContacts: 0
  m_UseAutoMass: 0
  m_Mass: 1
  m_LinearDrag: 0
  m_AngularDrag: 0.05
  m_GravityScale: 1
  m_Material: {fileID: 0}
  m_Interpolate: 0
  m_SleepingMode: 1
  m_CollisionDetection: 0
  m_Constraints: 4
--- !u!70 &454682256
CapsuleCollider2D:
  m_ObjectHideFlags: 0
  m_CorrespondingSourceObject: {fileID: 0}
  m_PrefabInstance: {fileID: 0}
  m_PrefabAsset: {fileID: 0}
  m_GameObject: {fileID: 454682253}
  m_Enabled: 1
  m_Density: 1
  m_Material: {fileID: 0}
  m_IsTrigger: 0
  m_UsedByEffector: 0
  m_UsedByComposite: 0
  m_Offset: {x: 0, y: 0}
  m_Size: {x: 0.64, y: 0.4}
  m_Direction: 1
--- !u!114 &454682257
MonoBehaviour:
  m_ObjectHideFlags: 0
  m_CorrespondingSourceObject: {fileID: 0}
  m_PrefabInstance: {fileID: 0}
  m_PrefabAsset: {fileID: 0}
  m_GameObject: {fileID: 454682253}
  m_Enabled: 1
  m_EditorHideFlags: 0
  m_Script: {fileID: 11500000, guid: 3f2a7ef79962fab489c6ebcaed863108, type: 3}
  m_Name: 
  m_EditorClassIdentifier: 
--- !u!212 &454682258
SpriteRenderer:
  m_ObjectHideFlags: 0
  m_CorrespondingSourceObject: {fileID: 0}
  m_PrefabInstance: {fileID: 0}
  m_PrefabAsset: {fileID: 0}
  m_GameObject: {fileID: 454682253}
  m_Enabled: 1
  m_CastShadows: 0
  m_ReceiveShadows: 0
  m_DynamicOccludee: 1
  m_StaticShadowCaster: 0
  m_MotionVectors: 1
  m_LightProbeUsage: 1
  m_ReflectionProbeUsage: 1
  m_RayTracingMode: 0
  m_RayTraceProcedural: 0
  m_RenderingLayerMask: 1
  m_RendererPriority: 0
  m_Materials:
  - {fileID: 10754, guid: 0000000000000000f000000000000000, type: 0}
  m_StaticBatchInfo:
    firstSubMesh: 0
    subMeshCount: 0
  m_StaticBatchRoot: {fileID: 0}
  m_ProbeAnchor: {fileID: 0}
  m_LightProbeVolumeOverride: {fileID: 0}
  m_ScaleInLightmap: 1
  m_ReceiveGI: 1
  m_PreserveUVs: 0
  m_IgnoreNormalsForChartDetection: 0
  m_ImportantGI: 0
  m_StitchLightmapSeams: 1
  m_SelectedEditorRenderState: 0
  m_MinimumChartSize: 4
  m_AutoUVMaxDistance: 0.5
  m_AutoUVMaxAngle: 89
  m_LightmapParameters: {fileID: 0}
  m_SortingLayerID: -1673765881
  m_SortingLayer: 4
  m_SortingOrder: 0
  m_Sprite: {fileID: 700790108, guid: b1dd3cf4171e8194b88ef365383094c7, type: 3}
  m_Color: {r: 1, g: 1, b: 1, a: 1}
  m_FlipX: 0
  m_FlipY: 0
  m_DrawMode: 0
  m_Size: {x: 0.64, y: 0.4}
  m_AdaptiveModeThreshold: 0.5
  m_SpriteTileMode: 0
  m_WasSpriteAssigned: 1
  m_MaskInteraction: 0
  m_SpriteSortPoint: 0
--- !u!4 &454682259
Transform:
  m_ObjectHideFlags: 0
  m_CorrespondingSourceObject: {fileID: 0}
  m_PrefabInstance: {fileID: 0}
  m_PrefabAsset: {fileID: 0}
  m_GameObject: {fileID: 454682253}
  m_LocalRotation: {x: -0, y: -0, z: -0, w: 1}
  m_LocalPosition: {x: 0.21133709, y: 0.5524119, z: -2.300754}
  m_LocalScale: {x: 2, y: 2, z: 1}
  m_ConstrainProportionsScale: 0
  m_Children: []
  m_Father: {fileID: 817265847}
  m_RootOrder: 0
  m_LocalEulerAnglesHint: {x: 0, y: 0, z: 0}
--- !u!61 &454682260
BoxCollider2D:
  m_ObjectHideFlags: 0
  m_CorrespondingSourceObject: {fileID: 0}
  m_PrefabInstance: {fileID: 0}
  m_PrefabAsset: {fileID: 0}
  m_GameObject: {fileID: 454682253}
  m_Enabled: 1
  m_Density: 1
  m_Material: {fileID: 0}
  m_IsTrigger: 1
  m_UsedByEffector: 0
  m_UsedByComposite: 0
  m_Offset: {x: -0.43590274, y: -0.32368279}
  m_SpriteTilingProperty:
    border: {x: 0, y: 0, z: 0, w: 0}
    pivot: {x: 0.5, y: 0.5}
    oldSize: {x: 0.64, y: 0.4}
    newSize: {x: 0.64, y: 0.4}
    adaptiveTilingThreshold: 0.5
    drawMode: 0
    adaptiveTiling: 0
  m_AutoTiling: 0
  serializedVersion: 2
  m_Size: {x: 0.21717471, y: 0.4730897}
  m_EdgeRadius: 0
--- !u!114 &454682261
MonoBehaviour:
  m_ObjectHideFlags: 0
  m_CorrespondingSourceObject: {fileID: 0}
  m_PrefabInstance: {fileID: 0}
  m_PrefabAsset: {fileID: 0}
  m_GameObject: {fileID: 454682253}
  m_Enabled: 1
  m_EditorHideFlags: 0
  m_Script: {fileID: 11500000, guid: 0eba5db76d3d1074b9d44204137ec73b, type: 3}
  m_Name: 
  m_EditorClassIdentifier: 
  speed: 2
  groundLayer: Ground
--- !u!1001 &555903945
PrefabInstance:
  m_ObjectHideFlags: 0
  serializedVersion: 2
  m_Modification:
    m_TransformParent: {fileID: 1366930234}
    m_Modifications:
    - target: {fileID: 9061021865415277956, guid: d89f4f7ff4f55aa4d9b6e3709ad46319, type: 3}
      propertyPath: m_RootOrder
      value: 2
      objectReference: {fileID: 0}
    - target: {fileID: 9061021865415277956, guid: d89f4f7ff4f55aa4d9b6e3709ad46319, type: 3}
      propertyPath: m_LocalPosition.x
      value: -2.31
      objectReference: {fileID: 0}
    - target: {fileID: 9061021865415277956, guid: d89f4f7ff4f55aa4d9b6e3709ad46319, type: 3}
      propertyPath: m_LocalPosition.y
      value: 1.82
      objectReference: {fileID: 0}
    - target: {fileID: 9061021865415277956, guid: d89f4f7ff4f55aa4d9b6e3709ad46319, type: 3}
      propertyPath: m_LocalPosition.z
      value: 0.08013331
      objectReference: {fileID: 0}
    - target: {fileID: 9061021865415277956, guid: d89f4f7ff4f55aa4d9b6e3709ad46319, type: 3}
      propertyPath: m_LocalRotation.w
      value: 1
      objectReference: {fileID: 0}
    - target: {fileID: 9061021865415277956, guid: d89f4f7ff4f55aa4d9b6e3709ad46319, type: 3}
      propertyPath: m_LocalRotation.x
      value: -0
      objectReference: {fileID: 0}
    - target: {fileID: 9061021865415277956, guid: d89f4f7ff4f55aa4d9b6e3709ad46319, type: 3}
      propertyPath: m_LocalRotation.y
      value: -0
      objectReference: {fileID: 0}
    - target: {fileID: 9061021865415277956, guid: d89f4f7ff4f55aa4d9b6e3709ad46319, type: 3}
      propertyPath: m_LocalRotation.z
      value: -0
      objectReference: {fileID: 0}
    - target: {fileID: 9061021865415277956, guid: d89f4f7ff4f55aa4d9b6e3709ad46319, type: 3}
      propertyPath: m_LocalEulerAnglesHint.x
      value: 0
      objectReference: {fileID: 0}
    - target: {fileID: 9061021865415277956, guid: d89f4f7ff4f55aa4d9b6e3709ad46319, type: 3}
      propertyPath: m_LocalEulerAnglesHint.y
      value: 0
      objectReference: {fileID: 0}
    - target: {fileID: 9061021865415277956, guid: d89f4f7ff4f55aa4d9b6e3709ad46319, type: 3}
      propertyPath: m_LocalEulerAnglesHint.z
      value: 0
      objectReference: {fileID: 0}
    - target: {fileID: 9061021865415277960, guid: d89f4f7ff4f55aa4d9b6e3709ad46319, type: 3}
      propertyPath: m_Name
      value: Coin (2)
      objectReference: {fileID: 0}
    m_RemovedComponents: []
  m_SourcePrefab: {fileID: 100100000, guid: d89f4f7ff4f55aa4d9b6e3709ad46319, type: 3}
--- !u!1001 &695926987
PrefabInstance:
  m_ObjectHideFlags: 0
  serializedVersion: 2
  m_Modification:
    m_TransformParent: {fileID: 1366930234}
    m_Modifications:
    - target: {fileID: 9061021865415277956, guid: d89f4f7ff4f55aa4d9b6e3709ad46319, type: 3}
      propertyPath: m_RootOrder
      value: 6
      objectReference: {fileID: 0}
    - target: {fileID: 9061021865415277956, guid: d89f4f7ff4f55aa4d9b6e3709ad46319, type: 3}
      propertyPath: m_LocalPosition.x
      value: 3.93
      objectReference: {fileID: 0}
    - target: {fileID: 9061021865415277956, guid: d89f4f7ff4f55aa4d9b6e3709ad46319, type: 3}
      propertyPath: m_LocalPosition.y
      value: -2.34
      objectReference: {fileID: 0}
    - target: {fileID: 9061021865415277956, guid: d89f4f7ff4f55aa4d9b6e3709ad46319, type: 3}
      propertyPath: m_LocalPosition.z
      value: 0.08013331
      objectReference: {fileID: 0}
    - target: {fileID: 9061021865415277956, guid: d89f4f7ff4f55aa4d9b6e3709ad46319, type: 3}
      propertyPath: m_LocalRotation.w
      value: 1
      objectReference: {fileID: 0}
    - target: {fileID: 9061021865415277956, guid: d89f4f7ff4f55aa4d9b6e3709ad46319, type: 3}
      propertyPath: m_LocalRotation.x
      value: -0
      objectReference: {fileID: 0}
    - target: {fileID: 9061021865415277956, guid: d89f4f7ff4f55aa4d9b6e3709ad46319, type: 3}
      propertyPath: m_LocalRotation.y
      value: -0
      objectReference: {fileID: 0}
    - target: {fileID: 9061021865415277956, guid: d89f4f7ff4f55aa4d9b6e3709ad46319, type: 3}
      propertyPath: m_LocalRotation.z
      value: -0
      objectReference: {fileID: 0}
    - target: {fileID: 9061021865415277956, guid: d89f4f7ff4f55aa4d9b6e3709ad46319, type: 3}
      propertyPath: m_LocalEulerAnglesHint.x
      value: 0
      objectReference: {fileID: 0}
    - target: {fileID: 9061021865415277956, guid: d89f4f7ff4f55aa4d9b6e3709ad46319, type: 3}
      propertyPath: m_LocalEulerAnglesHint.y
      value: 0
      objectReference: {fileID: 0}
    - target: {fileID: 9061021865415277956, guid: d89f4f7ff4f55aa4d9b6e3709ad46319, type: 3}
      propertyPath: m_LocalEulerAnglesHint.z
      value: 0
      objectReference: {fileID: 0}
    - target: {fileID: 9061021865415277960, guid: d89f4f7ff4f55aa4d9b6e3709ad46319, type: 3}
      propertyPath: m_Name
      value: Coin (6)
      objectReference: {fileID: 0}
    m_RemovedComponents: []
  m_SourcePrefab: {fileID: 100100000, guid: d89f4f7ff4f55aa4d9b6e3709ad46319, type: 3}
--- !u!1 &817265846
GameObject:
  m_ObjectHideFlags: 0
  m_CorrespondingSourceObject: {fileID: 0}
  m_PrefabInstance: {fileID: 0}
  m_PrefabAsset: {fileID: 0}
  serializedVersion: 6
  m_Component:
  - component: {fileID: 817265847}
  m_Layer: 0
  m_Name: Enemies
  m_TagString: Untagged
  m_Icon: {fileID: 0}
  m_NavMeshLayer: 0
  m_StaticEditorFlags: 0
  m_IsActive: 1
--- !u!4 &817265847
Transform:
  m_ObjectHideFlags: 0
  m_CorrespondingSourceObject: {fileID: 0}
  m_PrefabInstance: {fileID: 0}
  m_PrefabAsset: {fileID: 0}
  m_GameObject: {fileID: 817265846}
  m_LocalRotation: {x: -0, y: -0, z: -0, w: 1}
  m_LocalPosition: {x: 34.492035, y: 65.23288, z: 2.3007543}
  m_LocalScale: {x: 1, y: 1, z: 1}
  m_ConstrainProportionsScale: 0
  m_Children:
  - {fileID: 454682259}
  m_Father: {fileID: 0}
  m_RootOrder: 6
  m_LocalEulerAnglesHint: {x: 0, y: 0, z: 0}
--- !u!1001 &898210556
PrefabInstance:
  m_ObjectHideFlags: 0
  serializedVersion: 2
  m_Modification:
    m_TransformParent: {fileID: 1090644595}
    m_Modifications:
    - target: {fileID: 4429265766496098957, guid: 4d86849859181c840a8fa9027bbf8b10, type: 3}
      propertyPath: m_Name
      value: platform (5)
      objectReference: {fileID: 0}
    - target: {fileID: 6472517516956190439, guid: 4d86849859181c840a8fa9027bbf8b10, type: 3}
      propertyPath: m_RootOrder
      value: 5
      objectReference: {fileID: 0}
    - target: {fileID: 6472517516956190439, guid: 4d86849859181c840a8fa9027bbf8b10, type: 3}
      propertyPath: m_LocalPosition.x
      value: -7.6799994
      objectReference: {fileID: 0}
    - target: {fileID: 6472517516956190439, guid: 4d86849859181c840a8fa9027bbf8b10, type: 3}
      propertyPath: m_LocalPosition.y
      value: -1.1199999
      objectReference: {fileID: 0}
    - target: {fileID: 6472517516956190439, guid: 4d86849859181c840a8fa9027bbf8b10, type: 3}
      propertyPath: m_LocalPosition.z
      value: 0
      objectReference: {fileID: 0}
    - target: {fileID: 6472517516956190439, guid: 4d86849859181c840a8fa9027bbf8b10, type: 3}
      propertyPath: m_LocalRotation.w
      value: 1
      objectReference: {fileID: 0}
    - target: {fileID: 6472517516956190439, guid: 4d86849859181c840a8fa9027bbf8b10, type: 3}
      propertyPath: m_LocalRotation.x
      value: -0
      objectReference: {fileID: 0}
    - target: {fileID: 6472517516956190439, guid: 4d86849859181c840a8fa9027bbf8b10, type: 3}
      propertyPath: m_LocalRotation.y
      value: -0
      objectReference: {fileID: 0}
    - target: {fileID: 6472517516956190439, guid: 4d86849859181c840a8fa9027bbf8b10, type: 3}
      propertyPath: m_LocalRotation.z
      value: -0
      objectReference: {fileID: 0}
    - target: {fileID: 6472517516956190439, guid: 4d86849859181c840a8fa9027bbf8b10, type: 3}
      propertyPath: m_LocalEulerAnglesHint.x
      value: 0
      objectReference: {fileID: 0}
    - target: {fileID: 6472517516956190439, guid: 4d86849859181c840a8fa9027bbf8b10, type: 3}
      propertyPath: m_LocalEulerAnglesHint.y
      value: 0
      objectReference: {fileID: 0}
    - target: {fileID: 6472517516956190439, guid: 4d86849859181c840a8fa9027bbf8b10, type: 3}
      propertyPath: m_LocalEulerAnglesHint.z
      value: 0
      objectReference: {fileID: 0}
    m_RemovedComponents: []
  m_SourcePrefab: {fileID: 100100000, guid: 4d86849859181c840a8fa9027bbf8b10, type: 3}
--- !u!4 &898210557 stripped
Transform:
  m_CorrespondingSourceObject: {fileID: 6472517516956190439, guid: 4d86849859181c840a8fa9027bbf8b10, type: 3}
  m_PrefabInstance: {fileID: 898210556}
  m_PrefabAsset: {fileID: 0}
--- !u!1001 &1004273884
PrefabInstance:
  m_ObjectHideFlags: 0
  serializedVersion: 2
  m_Modification:
    m_TransformParent: {fileID: 1090644595}
    m_Modifications:
    - target: {fileID: 4429265766496098957, guid: 4d86849859181c840a8fa9027bbf8b10, type: 3}
      propertyPath: m_Name
      value: platform (3)
      objectReference: {fileID: 0}
    - target: {fileID: 6472517516956190439, guid: 4d86849859181c840a8fa9027bbf8b10, type: 3}
      propertyPath: m_RootOrder
      value: 3
      objectReference: {fileID: 0}
    - target: {fileID: 6472517516956190439, guid: 4d86849859181c840a8fa9027bbf8b10, type: 3}
      propertyPath: m_LocalScale.x
      value: 13.7385
      objectReference: {fileID: 0}
    - target: {fileID: 6472517516956190439, guid: 4d86849859181c840a8fa9027bbf8b10, type: 3}
      propertyPath: m_LocalScale.y
      value: 9.0945
      objectReference: {fileID: 0}
    - target: {fileID: 6472517516956190439, guid: 4d86849859181c840a8fa9027bbf8b10, type: 3}
      propertyPath: m_LocalScale.z
      value: 1.548
      objectReference: {fileID: 0}
    - target: {fileID: 6472517516956190439, guid: 4d86849859181c840a8fa9027bbf8b10, type: 3}
      propertyPath: m_LocalPosition.x
      value: -0.5799999
      objectReference: {fileID: 0}
    - target: {fileID: 6472517516956190439, guid: 4d86849859181c840a8fa9027bbf8b10, type: 3}
      propertyPath: m_LocalPosition.y
      value: -8.32
      objectReference: {fileID: 0}
    - target: {fileID: 6472517516956190439, guid: 4d86849859181c840a8fa9027bbf8b10, type: 3}
      propertyPath: m_LocalPosition.z
      value: 0
      objectReference: {fileID: 0}
    - target: {fileID: 6472517516956190439, guid: 4d86849859181c840a8fa9027bbf8b10, type: 3}
      propertyPath: m_LocalRotation.w
      value: 1
      objectReference: {fileID: 0}
    - target: {fileID: 6472517516956190439, guid: 4d86849859181c840a8fa9027bbf8b10, type: 3}
      propertyPath: m_LocalRotation.x
      value: -0
      objectReference: {fileID: 0}
    - target: {fileID: 6472517516956190439, guid: 4d86849859181c840a8fa9027bbf8b10, type: 3}
      propertyPath: m_LocalRotation.y
      value: -0
      objectReference: {fileID: 0}
    - target: {fileID: 6472517516956190439, guid: 4d86849859181c840a8fa9027bbf8b10, type: 3}
      propertyPath: m_LocalRotation.z
      value: -0
      objectReference: {fileID: 0}
    - target: {fileID: 6472517516956190439, guid: 4d86849859181c840a8fa9027bbf8b10, type: 3}
      propertyPath: m_LocalEulerAnglesHint.x
      value: 0
      objectReference: {fileID: 0}
    - target: {fileID: 6472517516956190439, guid: 4d86849859181c840a8fa9027bbf8b10, type: 3}
      propertyPath: m_LocalEulerAnglesHint.y
      value: 0
      objectReference: {fileID: 0}
    - target: {fileID: 6472517516956190439, guid: 4d86849859181c840a8fa9027bbf8b10, type: 3}
      propertyPath: m_LocalEulerAnglesHint.z
      value: 0
      objectReference: {fileID: 0}
    m_RemovedComponents: []
  m_SourcePrefab: {fileID: 100100000, guid: 4d86849859181c840a8fa9027bbf8b10, type: 3}
--- !u!4 &1004273885 stripped
Transform:
  m_CorrespondingSourceObject: {fileID: 6472517516956190439, guid: 4d86849859181c840a8fa9027bbf8b10, type: 3}
  m_PrefabInstance: {fileID: 1004273884}
  m_PrefabAsset: {fileID: 0}
--- !u!1 &1022461173
GameObject:
  m_ObjectHideFlags: 0
  m_CorrespondingSourceObject: {fileID: 0}
  m_PrefabInstance: {fileID: 0}
  m_PrefabAsset: {fileID: 0}
  serializedVersion: 6
  m_Component:
  - component: {fileID: 1022461175}
  - component: {fileID: 1022461174}
  m_Layer: 0
  m_Name: backgroundColorGrass
  m_TagString: Untagged
  m_Icon: {fileID: 0}
  m_NavMeshLayer: 0
  m_StaticEditorFlags: 0
  m_IsActive: 1
--- !u!212 &1022461174
SpriteRenderer:
  m_ObjectHideFlags: 0
  m_CorrespondingSourceObject: {fileID: 0}
  m_PrefabInstance: {fileID: 0}
  m_PrefabAsset: {fileID: 0}
  m_GameObject: {fileID: 1022461173}
  m_Enabled: 1
  m_CastShadows: 0
  m_ReceiveShadows: 0
  m_DynamicOccludee: 1
  m_StaticShadowCaster: 0
  m_MotionVectors: 1
  m_LightProbeUsage: 1
  m_ReflectionProbeUsage: 1
  m_RayTracingMode: 0
  m_RayTraceProcedural: 0
  m_RenderingLayerMask: 1
  m_RendererPriority: 0
  m_Materials:
  - {fileID: 10754, guid: 0000000000000000f000000000000000, type: 0}
  m_StaticBatchInfo:
    firstSubMesh: 0
    subMeshCount: 0
  m_StaticBatchRoot: {fileID: 0}
  m_ProbeAnchor: {fileID: 0}
  m_LightProbeVolumeOverride: {fileID: 0}
  m_ScaleInLightmap: 1
  m_ReceiveGI: 1
  m_PreserveUVs: 0
  m_IgnoreNormalsForChartDetection: 0
  m_ImportantGI: 0
  m_StitchLightmapSeams: 1
  m_SelectedEditorRenderState: 0
  m_MinimumChartSize: 4
  m_AutoUVMaxDistance: 0.5
  m_AutoUVMaxAngle: 89
  m_LightmapParameters: {fileID: 0}
  m_SortingLayerID: -1445667373
  m_SortingLayer: 1
  m_SortingOrder: 0
  m_Sprite: {fileID: 21300000, guid: 2d5a2e6e915f2ea4891970672ee40733, type: 3}
  m_Color: {r: 1, g: 1, b: 1, a: 1}
  m_FlipX: 0
  m_FlipY: 0
  m_DrawMode: 0
  m_Size: {x: 10.24, y: 10.24}
  m_AdaptiveModeThreshold: 0.5
  m_SpriteTileMode: 0
  m_WasSpriteAssigned: 1
  m_MaskInteraction: 0
  m_SpriteSortPoint: 0
--- !u!4 &1022461175
Transform:
  m_ObjectHideFlags: 0
  m_CorrespondingSourceObject: {fileID: 0}
  m_PrefabInstance: {fileID: 0}
  m_PrefabAsset: {fileID: 0}
  m_GameObject: {fileID: 1022461173}
  m_LocalRotation: {x: -0, y: -0, z: -0, w: 1}
  m_LocalPosition: {x: 0, y: 0, z: 0}
  m_LocalScale: {x: 1, y: 1, z: 1}
  m_ConstrainProportionsScale: 0
  m_Children: []
  m_Father: {fileID: 1090644595}
  m_RootOrder: 6
  m_LocalEulerAnglesHint: {x: 0, y: 0, z: 0}
--- !u!1001 &1062664070
PrefabInstance:
  m_ObjectHideFlags: 0
  serializedVersion: 2
  m_Modification:
    m_TransformParent: {fileID: 1090644595}
    m_Modifications:
    - target: {fileID: 4429265766496098957, guid: 4d86849859181c840a8fa9027bbf8b10, type: 3}
      propertyPath: m_Name
      value: platform (1)
      objectReference: {fileID: 0}
    - target: {fileID: 6472517516956190439, guid: 4d86849859181c840a8fa9027bbf8b10, type: 3}
      propertyPath: m_RootOrder
      value: 1
      objectReference: {fileID: 0}
    - target: {fileID: 6472517516956190439, guid: 4d86849859181c840a8fa9027bbf8b10, type: 3}
      propertyPath: m_LocalPosition.x
      value: 5.63
      objectReference: {fileID: 0}
    - target: {fileID: 6472517516956190439, guid: 4d86849859181c840a8fa9027bbf8b10, type: 3}
      propertyPath: m_LocalPosition.y
      value: -2.8
      objectReference: {fileID: 0}
    - target: {fileID: 6472517516956190439, guid: 4d86849859181c840a8fa9027bbf8b10, type: 3}
      propertyPath: m_LocalPosition.z
      value: 0
      objectReference: {fileID: 0}
    - target: {fileID: 6472517516956190439, guid: 4d86849859181c840a8fa9027bbf8b10, type: 3}
      propertyPath: m_LocalRotation.w
      value: 1
      objectReference: {fileID: 0}
    - target: {fileID: 6472517516956190439, guid: 4d86849859181c840a8fa9027bbf8b10, type: 3}
      propertyPath: m_LocalRotation.x
      value: -0
      objectReference: {fileID: 0}
    - target: {fileID: 6472517516956190439, guid: 4d86849859181c840a8fa9027bbf8b10, type: 3}
      propertyPath: m_LocalRotation.y
      value: -0
      objectReference: {fileID: 0}
    - target: {fileID: 6472517516956190439, guid: 4d86849859181c840a8fa9027bbf8b10, type: 3}
      propertyPath: m_LocalRotation.z
      value: -0
      objectReference: {fileID: 0}
    - target: {fileID: 6472517516956190439, guid: 4d86849859181c840a8fa9027bbf8b10, type: 3}
      propertyPath: m_LocalEulerAnglesHint.x
      value: 0
      objectReference: {fileID: 0}
    - target: {fileID: 6472517516956190439, guid: 4d86849859181c840a8fa9027bbf8b10, type: 3}
      propertyPath: m_LocalEulerAnglesHint.y
      value: 0
      objectReference: {fileID: 0}
    - target: {fileID: 6472517516956190439, guid: 4d86849859181c840a8fa9027bbf8b10, type: 3}
      propertyPath: m_LocalEulerAnglesHint.z
      value: 0
      objectReference: {fileID: 0}
    m_RemovedComponents: []
  m_SourcePrefab: {fileID: 100100000, guid: 4d86849859181c840a8fa9027bbf8b10, type: 3}
--- !u!4 &1062664071 stripped
Transform:
  m_CorrespondingSourceObject: {fileID: 6472517516956190439, guid: 4d86849859181c840a8fa9027bbf8b10, type: 3}
  m_PrefabInstance: {fileID: 1062664070}
  m_PrefabAsset: {fileID: 0}
--- !u!1001 &1076308779
PrefabInstance:
  m_ObjectHideFlags: 0
  serializedVersion: 2
  m_Modification:
    m_TransformParent: {fileID: 1366930234}
    m_Modifications:
    - target: {fileID: 9061021865415277956, guid: d89f4f7ff4f55aa4d9b6e3709ad46319, type: 3}
      propertyPath: m_RootOrder
      value: 1
      objectReference: {fileID: 0}
    - target: {fileID: 9061021865415277956, guid: d89f4f7ff4f55aa4d9b6e3709ad46319, type: 3}
      propertyPath: m_LocalPosition.x
      value: -10.27
      objectReference: {fileID: 0}
    - target: {fileID: 9061021865415277956, guid: d89f4f7ff4f55aa4d9b6e3709ad46319, type: 3}
      propertyPath: m_LocalPosition.y
      value: 0.75
      objectReference: {fileID: 0}
    - target: {fileID: 9061021865415277956, guid: d89f4f7ff4f55aa4d9b6e3709ad46319, type: 3}
      propertyPath: m_LocalPosition.z
      value: 0.08013331
      objectReference: {fileID: 0}
    - target: {fileID: 9061021865415277956, guid: d89f4f7ff4f55aa4d9b6e3709ad46319, type: 3}
      propertyPath: m_LocalRotation.w
      value: 1
      objectReference: {fileID: 0}
    - target: {fileID: 9061021865415277956, guid: d89f4f7ff4f55aa4d9b6e3709ad46319, type: 3}
      propertyPath: m_LocalRotation.x
      value: -0
      objectReference: {fileID: 0}
    - target: {fileID: 9061021865415277956, guid: d89f4f7ff4f55aa4d9b6e3709ad46319, type: 3}
      propertyPath: m_LocalRotation.y
      value: -0
      objectReference: {fileID: 0}
    - target: {fileID: 9061021865415277956, guid: d89f4f7ff4f55aa4d9b6e3709ad46319, type: 3}
      propertyPath: m_LocalRotation.z
      value: -0
      objectReference: {fileID: 0}
    - target: {fileID: 9061021865415277956, guid: d89f4f7ff4f55aa4d9b6e3709ad46319, type: 3}
      propertyPath: m_LocalEulerAnglesHint.x
      value: 0
      objectReference: {fileID: 0}
    - target: {fileID: 9061021865415277956, guid: d89f4f7ff4f55aa4d9b6e3709ad46319, type: 3}
      propertyPath: m_LocalEulerAnglesHint.y
      value: 0
      objectReference: {fileID: 0}
    - target: {fileID: 9061021865415277956, guid: d89f4f7ff4f55aa4d9b6e3709ad46319, type: 3}
      propertyPath: m_LocalEulerAnglesHint.z
      value: 0
      objectReference: {fileID: 0}
    - target: {fileID: 9061021865415277960, guid: d89f4f7ff4f55aa4d9b6e3709ad46319, type: 3}
      propertyPath: m_Name
      value: Coin (1)
      objectReference: {fileID: 0}
    m_RemovedComponents: []
  m_SourcePrefab: {fileID: 100100000, guid: d89f4f7ff4f55aa4d9b6e3709ad46319, type: 3}
--- !u!1 &1090644594
GameObject:
  m_ObjectHideFlags: 0
  m_CorrespondingSourceObject: {fileID: 0}
  m_PrefabInstance: {fileID: 0}
  m_PrefabAsset: {fileID: 0}
  serializedVersion: 6
  m_Component:
  - component: {fileID: 1090644595}
  m_Layer: 0
  m_Name: Enviroment
  m_TagString: Untagged
  m_Icon: {fileID: 0}
  m_NavMeshLayer: 0
  m_StaticEditorFlags: 0
  m_IsActive: 1
--- !u!4 &1090644595
Transform:
  m_ObjectHideFlags: 0
  m_CorrespondingSourceObject: {fileID: 0}
  m_PrefabInstance: {fileID: 0}
  m_PrefabAsset: {fileID: 0}
  m_GameObject: {fileID: 1090644594}
  m_LocalRotation: {x: 0, y: 0, z: 0, w: 1}
  m_LocalPosition: {x: 0, y: 0, z: 0}
  m_LocalScale: {x: 1, y: 1, z: 1}
  m_ConstrainProportionsScale: 0
  m_Children:
  - {fileID: 8021062912942995052}
  - {fileID: 1062664071}
  - {fileID: 1190251487}
  - {fileID: 1004273885}
  - {fileID: 1484053422}
  - {fileID: 898210557}
  - {fileID: 1022461175}
  m_Father: {fileID: 0}
  m_RootOrder: 0
  m_LocalEulerAnglesHint: {x: 0, y: 0, z: 0}
--- !u!1001 &1190251486
PrefabInstance:
  m_ObjectHideFlags: 0
  serializedVersion: 2
  m_Modification:
    m_TransformParent: {fileID: 1090644595}
    m_Modifications:
    - target: {fileID: 4429265766496098957, guid: 4d86849859181c840a8fa9027bbf8b10, type: 3}
      propertyPath: m_Name
      value: platform (2)
      objectReference: {fileID: 0}
    - target: {fileID: 6472517516956190439, guid: 4d86849859181c840a8fa9027bbf8b10, type: 3}
      propertyPath: m_RootOrder
      value: 2
      objectReference: {fileID: 0}
    - target: {fileID: 6472517516956190439, guid: 4d86849859181c840a8fa9027bbf8b10, type: 3}
      propertyPath: m_LocalPosition.x
      value: -1.6199999
      objectReference: {fileID: 0}
    - target: {fileID: 6472517516956190439, guid: 4d86849859181c840a8fa9027bbf8b10, type: 3}
      propertyPath: m_LocalPosition.y
      value: -2.82
      objectReference: {fileID: 0}
    - target: {fileID: 6472517516956190439, guid: 4d86849859181c840a8fa9027bbf8b10, type: 3}
      propertyPath: m_LocalPosition.z
      value: 0
      objectReference: {fileID: 0}
    - target: {fileID: 6472517516956190439, guid: 4d86849859181c840a8fa9027bbf8b10, type: 3}
      propertyPath: m_LocalRotation.w
      value: 1
      objectReference: {fileID: 0}
    - target: {fileID: 6472517516956190439, guid: 4d86849859181c840a8fa9027bbf8b10, type: 3}
      propertyPath: m_LocalRotation.x
      value: -0
      objectReference: {fileID: 0}
    - target: {fileID: 6472517516956190439, guid: 4d86849859181c840a8fa9027bbf8b10, type: 3}
      propertyPath: m_LocalRotation.y
      value: -0
      objectReference: {fileID: 0}
    - target: {fileID: 6472517516956190439, guid: 4d86849859181c840a8fa9027bbf8b10, type: 3}
      propertyPath: m_LocalRotation.z
      value: -0
      objectReference: {fileID: 0}
    - target: {fileID: 6472517516956190439, guid: 4d86849859181c840a8fa9027bbf8b10, type: 3}
      propertyPath: m_LocalEulerAnglesHint.x
      value: 0
      objectReference: {fileID: 0}
    - target: {fileID: 6472517516956190439, guid: 4d86849859181c840a8fa9027bbf8b10, type: 3}
      propertyPath: m_LocalEulerAnglesHint.y
      value: 0
      objectReference: {fileID: 0}
    - target: {fileID: 6472517516956190439, guid: 4d86849859181c840a8fa9027bbf8b10, type: 3}
      propertyPath: m_LocalEulerAnglesHint.z
      value: 0
      objectReference: {fileID: 0}
    m_RemovedComponents: []
  m_SourcePrefab: {fileID: 100100000, guid: 4d86849859181c840a8fa9027bbf8b10, type: 3}
--- !u!4 &1190251487 stripped
Transform:
  m_CorrespondingSourceObject: {fileID: 6472517516956190439, guid: 4d86849859181c840a8fa9027bbf8b10, type: 3}
  m_PrefabInstance: {fileID: 1190251486}
  m_PrefabAsset: {fileID: 0}
--- !u!1 &1217947335
GameObject:
  m_ObjectHideFlags: 0
  m_CorrespondingSourceObject: {fileID: 0}
  m_PrefabInstance: {fileID: 0}
  m_PrefabAsset: {fileID: 0}
  serializedVersion: 6
  m_Component:
  - component: {fileID: 1217947338}
  - component: {fileID: 1217947337}
  - component: {fileID: 1217947336}
  m_Layer: 0
  m_Name: EventSystem
  m_TagString: Untagged
  m_Icon: {fileID: 0}
  m_NavMeshLayer: 0
  m_StaticEditorFlags: 0
  m_IsActive: 1
--- !u!114 &1217947336
MonoBehaviour:
  m_ObjectHideFlags: 0
  m_CorrespondingSourceObject: {fileID: 0}
  m_PrefabInstance: {fileID: 0}
  m_PrefabAsset: {fileID: 0}
  m_GameObject: {fileID: 1217947335}
  m_Enabled: 1
  m_EditorHideFlags: 0
  m_Script: {fileID: 11500000, guid: 4f231c4fb786f3946a6b90b886c48677, type: 3}
  m_Name: 
  m_EditorClassIdentifier: 
  m_SendPointerHoverToParent: 1
  m_HorizontalAxis: Horizontal
  m_VerticalAxis: Vertical
  m_SubmitButton: Submit
  m_CancelButton: Cancel
  m_InputActionsPerSecond: 10
  m_RepeatDelay: 0.5
  m_ForceModuleActive: 0
--- !u!114 &1217947337
MonoBehaviour:
  m_ObjectHideFlags: 0
  m_CorrespondingSourceObject: {fileID: 0}
  m_PrefabInstance: {fileID: 0}
  m_PrefabAsset: {fileID: 0}
  m_GameObject: {fileID: 1217947335}
  m_Enabled: 1
  m_EditorHideFlags: 0
  m_Script: {fileID: 11500000, guid: 76c392e42b5098c458856cdf6ecaaaa1, type: 3}
  m_Name: 
  m_EditorClassIdentifier: 
  m_FirstSelected: {fileID: 0}
  m_sendNavigationEvents: 1
  m_DragThreshold: 10
--- !u!4 &1217947338
Transform:
  m_ObjectHideFlags: 0
  m_CorrespondingSourceObject: {fileID: 0}
  m_PrefabInstance: {fileID: 0}
  m_PrefabAsset: {fileID: 0}
  m_GameObject: {fileID: 1217947335}
  m_LocalRotation: {x: 0, y: 0, z: 0, w: 1}
  m_LocalPosition: {x: 0, y: 0, z: 0}
  m_LocalScale: {x: 1, y: 1, z: 1}
  m_ConstrainProportionsScale: 0
  m_Children: []
  m_Father: {fileID: 0}
  m_RootOrder: 4
  m_LocalEulerAnglesHint: {x: 0, y: 0, z: 0}
--- !u!4 &1237173956 stripped
Transform:
  m_CorrespondingSourceObject: {fileID: 9061021865415277956, guid: d89f4f7ff4f55aa4d9b6e3709ad46319, type: 3}
  m_PrefabInstance: {fileID: 1353602127}
  m_PrefabAsset: {fileID: 0}
--- !u!1 &1342286608 stripped
GameObject:
  m_CorrespondingSourceObject: {fileID: 4429265766496098957, guid: 4d86849859181c840a8fa9027bbf8b10, type: 3}
  m_PrefabInstance: {fileID: 1484053421}
  m_PrefabAsset: {fileID: 0}
--- !u!1001 &1353602127
PrefabInstance:
  m_ObjectHideFlags: 0
  serializedVersion: 2
  m_Modification:
    m_TransformParent: {fileID: 1366930234}
    m_Modifications:
    - target: {fileID: 9061021865415277956, guid: d89f4f7ff4f55aa4d9b6e3709ad46319, type: 3}
      propertyPath: m_RootOrder
      value: 3
      objectReference: {fileID: 0}
    - target: {fileID: 9061021865415277956, guid: d89f4f7ff4f55aa4d9b6e3709ad46319, type: 3}
      propertyPath: m_LocalPosition.x
      value: -5.83
      objectReference: {fileID: 0}
    - target: {fileID: 9061021865415277956, guid: d89f4f7ff4f55aa4d9b6e3709ad46319, type: 3}
      propertyPath: m_LocalPosition.y
      value: 1.61
      objectReference: {fileID: 0}
    - target: {fileID: 9061021865415277956, guid: d89f4f7ff4f55aa4d9b6e3709ad46319, type: 3}
      propertyPath: m_LocalPosition.z
      value: 0.08013331
      objectReference: {fileID: 0}
    - target: {fileID: 9061021865415277956, guid: d89f4f7ff4f55aa4d9b6e3709ad46319, type: 3}
      propertyPath: m_LocalRotation.w
      value: 1
      objectReference: {fileID: 0}
    - target: {fileID: 9061021865415277956, guid: d89f4f7ff4f55aa4d9b6e3709ad46319, type: 3}
      propertyPath: m_LocalRotation.x
      value: -0
      objectReference: {fileID: 0}
    - target: {fileID: 9061021865415277956, guid: d89f4f7ff4f55aa4d9b6e3709ad46319, type: 3}
      propertyPath: m_LocalRotation.y
      value: -0
      objectReference: {fileID: 0}
    - target: {fileID: 9061021865415277956, guid: d89f4f7ff4f55aa4d9b6e3709ad46319, type: 3}
      propertyPath: m_LocalRotation.z
      value: -0
      objectReference: {fileID: 0}
    - target: {fileID: 9061021865415277956, guid: d89f4f7ff4f55aa4d9b6e3709ad46319, type: 3}
      propertyPath: m_LocalEulerAnglesHint.x
      value: 0
      objectReference: {fileID: 0}
    - target: {fileID: 9061021865415277956, guid: d89f4f7ff4f55aa4d9b6e3709ad46319, type: 3}
      propertyPath: m_LocalEulerAnglesHint.y
      value: 0
      objectReference: {fileID: 0}
    - target: {fileID: 9061021865415277956, guid: d89f4f7ff4f55aa4d9b6e3709ad46319, type: 3}
      propertyPath: m_LocalEulerAnglesHint.z
      value: 0
      objectReference: {fileID: 0}
    - target: {fileID: 9061021865415277960, guid: d89f4f7ff4f55aa4d9b6e3709ad46319, type: 3}
      propertyPath: m_Name
      value: Coin (3)
      objectReference: {fileID: 0}
    m_RemovedComponents: []
  m_SourcePrefab: {fileID: 100100000, guid: d89f4f7ff4f55aa4d9b6e3709ad46319, type: 3}
--- !u!1 &1366930233
GameObject:
  m_ObjectHideFlags: 0
  m_CorrespondingSourceObject: {fileID: 0}
  m_PrefabInstance: {fileID: 0}
  m_PrefabAsset: {fileID: 0}
  serializedVersion: 6
  m_Component:
  - component: {fileID: 1366930234}
  m_Layer: 0
  m_Name: PickUps
  m_TagString: Untagged
  m_Icon: {fileID: 0}
  m_NavMeshLayer: 0
  m_StaticEditorFlags: 0
  m_IsActive: 1
--- !u!4 &1366930234
Transform:
  m_ObjectHideFlags: 0
  m_CorrespondingSourceObject: {fileID: 0}
  m_PrefabInstance: {fileID: 0}
  m_PrefabAsset: {fileID: 0}
  m_GameObject: {fileID: 1366930233}
  m_LocalRotation: {x: 0, y: 0, z: 0, w: 1}
  m_LocalPosition: {x: 1.5279936, y: 0.38715369, z: -0.08013331}
  m_LocalScale: {x: 1, y: 1, z: 1}
  m_ConstrainProportionsScale: 0
  m_Children:
  - {fileID: 1473598640}
  - {fileID: 141697672}
  - {fileID: 358697247}
  - {fileID: 1237173956}
  - {fileID: 1430341418}
  - {fileID: 447801283}
  - {fileID: 1664612093}
  m_Father: {fileID: 0}
  m_RootOrder: 3
  m_LocalEulerAnglesHint: {x: 0, y: 0, z: 0}
--- !u!1001 &1420623330
PrefabInstance:
  m_ObjectHideFlags: 0
  serializedVersion: 2
  m_Modification:
    m_TransformParent: {fileID: 1366930234}
    m_Modifications:
    - target: {fileID: 9061021865415277956, guid: d89f4f7ff4f55aa4d9b6e3709ad46319, type: 3}
      propertyPath: m_RootOrder
      value: 4
      objectReference: {fileID: 0}
    - target: {fileID: 9061021865415277956, guid: d89f4f7ff4f55aa4d9b6e3709ad46319, type: 3}
      propertyPath: m_LocalPosition.x
      value: 6.05
      objectReference: {fileID: 0}
    - target: {fileID: 9061021865415277956, guid: d89f4f7ff4f55aa4d9b6e3709ad46319, type: 3}
      propertyPath: m_LocalPosition.y
      value: 0.26
      objectReference: {fileID: 0}
    - target: {fileID: 9061021865415277956, guid: d89f4f7ff4f55aa4d9b6e3709ad46319, type: 3}
      propertyPath: m_LocalPosition.z
      value: 0.08013331
      objectReference: {fileID: 0}
    - target: {fileID: 9061021865415277956, guid: d89f4f7ff4f55aa4d9b6e3709ad46319, type: 3}
      propertyPath: m_LocalRotation.w
      value: 1
      objectReference: {fileID: 0}
    - target: {fileID: 9061021865415277956, guid: d89f4f7ff4f55aa4d9b6e3709ad46319, type: 3}
      propertyPath: m_LocalRotation.x
      value: -0
      objectReference: {fileID: 0}
    - target: {fileID: 9061021865415277956, guid: d89f4f7ff4f55aa4d9b6e3709ad46319, type: 3}
      propertyPath: m_LocalRotation.y
      value: -0
      objectReference: {fileID: 0}
    - target: {fileID: 9061021865415277956, guid: d89f4f7ff4f55aa4d9b6e3709ad46319, type: 3}
      propertyPath: m_LocalRotation.z
      value: -0
      objectReference: {fileID: 0}
    - target: {fileID: 9061021865415277956, guid: d89f4f7ff4f55aa4d9b6e3709ad46319, type: 3}
      propertyPath: m_LocalEulerAnglesHint.x
      value: 0
      objectReference: {fileID: 0}
    - target: {fileID: 9061021865415277956, guid: d89f4f7ff4f55aa4d9b6e3709ad46319, type: 3}
      propertyPath: m_LocalEulerAnglesHint.y
      value: 0
      objectReference: {fileID: 0}
    - target: {fileID: 9061021865415277956, guid: d89f4f7ff4f55aa4d9b6e3709ad46319, type: 3}
      propertyPath: m_LocalEulerAnglesHint.z
      value: 0
      objectReference: {fileID: 0}
    - target: {fileID: 9061021865415277960, guid: d89f4f7ff4f55aa4d9b6e3709ad46319, type: 3}
      propertyPath: m_Name
      value: Coin (4)
      objectReference: {fileID: 0}
    m_RemovedComponents: []
  m_SourcePrefab: {fileID: 100100000, guid: d89f4f7ff4f55aa4d9b6e3709ad46319, type: 3}
--- !u!4 &1430341418 stripped
Transform:
  m_CorrespondingSourceObject: {fileID: 9061021865415277956, guid: d89f4f7ff4f55aa4d9b6e3709ad46319, type: 3}
  m_PrefabInstance: {fileID: 1420623330}
  m_PrefabAsset: {fileID: 0}
--- !u!4 &1473598640 stripped
Transform:
  m_CorrespondingSourceObject: {fileID: 9061021865415277956, guid: d89f4f7ff4f55aa4d9b6e3709ad46319, type: 3}
  m_PrefabInstance: {fileID: 1943510304}
  m_PrefabAsset: {fileID: 0}
--- !u!1001 &1484053421
PrefabInstance:
  m_ObjectHideFlags: 0
  serializedVersion: 2
  m_Modification:
    m_TransformParent: {fileID: 1090644595}
    m_Modifications:
    - target: {fileID: 4429265766496098957, guid: 4d86849859181c840a8fa9027bbf8b10, type: 3}
      propertyPath: m_Name
      value: platform (4)
      objectReference: {fileID: 0}
    - target: {fileID: 6472517516956190439, guid: 4d86849859181c840a8fa9027bbf8b10, type: 3}
      propertyPath: m_RootOrder
      value: 4
      objectReference: {fileID: 0}
    - target: {fileID: 6472517516956190439, guid: 4d86849859181c840a8fa9027bbf8b10, type: 3}
      propertyPath: m_LocalPosition.x
      value: -2.44
      objectReference: {fileID: 0}
    - target: {fileID: 6472517516956190439, guid: 4d86849859181c840a8fa9027bbf8b10, type: 3}
      propertyPath: m_LocalPosition.y
      value: 1.14
      objectReference: {fileID: 0}
    - target: {fileID: 6472517516956190439, guid: 4d86849859181c840a8fa9027bbf8b10, type: 3}
      propertyPath: m_LocalPosition.z
      value: 0
      objectReference: {fileID: 0}
    - target: {fileID: 6472517516956190439, guid: 4d86849859181c840a8fa9027bbf8b10, type: 3}
      propertyPath: m_LocalRotation.w
      value: 1
      objectReference: {fileID: 0}
    - target: {fileID: 6472517516956190439, guid: 4d86849859181c840a8fa9027bbf8b10, type: 3}
      propertyPath: m_LocalRotation.x
      value: -0
      objectReference: {fileID: 0}
    - target: {fileID: 6472517516956190439, guid: 4d86849859181c840a8fa9027bbf8b10, type: 3}
      propertyPath: m_LocalRotation.y
      value: -0
      objectReference: {fileID: 0}
    - target: {fileID: 6472517516956190439, guid: 4d86849859181c840a8fa9027bbf8b10, type: 3}
      propertyPath: m_LocalRotation.z
      value: -0
      objectReference: {fileID: 0}
    - target: {fileID: 6472517516956190439, guid: 4d86849859181c840a8fa9027bbf8b10, type: 3}
      propertyPath: m_LocalEulerAnglesHint.x
      value: 0
      objectReference: {fileID: 0}
    - target: {fileID: 6472517516956190439, guid: 4d86849859181c840a8fa9027bbf8b10, type: 3}
      propertyPath: m_LocalEulerAnglesHint.y
      value: 0
      objectReference: {fileID: 0}
    - target: {fileID: 6472517516956190439, guid: 4d86849859181c840a8fa9027bbf8b10, type: 3}
      propertyPath: m_LocalEulerAnglesHint.z
      value: 0
      objectReference: {fileID: 0}
    m_RemovedComponents: []
  m_SourcePrefab: {fileID: 100100000, guid: 4d86849859181c840a8fa9027bbf8b10, type: 3}
--- !u!4 &1484053422 stripped
Transform:
  m_CorrespondingSourceObject: {fileID: 6472517516956190439, guid: 4d86849859181c840a8fa9027bbf8b10, type: 3}
  m_PrefabInstance: {fileID: 1484053421}
  m_PrefabAsset: {fileID: 0}
--- !u!114 &1484053423
MonoBehaviour:
  m_ObjectHideFlags: 0
  m_CorrespondingSourceObject: {fileID: 0}
  m_PrefabInstance: {fileID: 0}
  m_PrefabAsset: {fileID: 0}
  m_GameObject: {fileID: 1342286608}
  m_Enabled: 1
  m_EditorHideFlags: 0
  m_Script: {fileID: 11500000, guid: 5c124a07459befa4b82d183d59087f70, type: 3}
  m_Name: 
  m_EditorClassIdentifier: 
  playerLayer: Player
  nextLevelName: 
--- !u!1001 &1567068262
PrefabInstance:
  m_ObjectHideFlags: 0
  serializedVersion: 2
  m_Modification:
    m_TransformParent: {fileID: 1366930234}
    m_Modifications:
    - target: {fileID: 9061021865415277956, guid: d89f4f7ff4f55aa4d9b6e3709ad46319, type: 3}
      propertyPath: m_RootOrder
      value: 5
      objectReference: {fileID: 0}
    - target: {fileID: 9061021865415277956, guid: d89f4f7ff4f55aa4d9b6e3709ad46319, type: 3}
      propertyPath: m_LocalPosition.x
      value: -8.31
      objectReference: {fileID: 0}
    - target: {fileID: 9061021865415277956, guid: d89f4f7ff4f55aa4d9b6e3709ad46319, type: 3}
      propertyPath: m_LocalPosition.y
      value: -0.56
      objectReference: {fileID: 0}
    - target: {fileID: 9061021865415277956, guid: d89f4f7ff4f55aa4d9b6e3709ad46319, type: 3}
      propertyPath: m_LocalPosition.z
      value: 0.08013331
      objectReference: {fileID: 0}
    - target: {fileID: 9061021865415277956, guid: d89f4f7ff4f55aa4d9b6e3709ad46319, type: 3}
      propertyPath: m_LocalRotation.w
      value: 1
      objectReference: {fileID: 0}
    - target: {fileID: 9061021865415277956, guid: d89f4f7ff4f55aa4d9b6e3709ad46319, type: 3}
      propertyPath: m_LocalRotation.x
      value: -0
      objectReference: {fileID: 0}
    - target: {fileID: 9061021865415277956, guid: d89f4f7ff4f55aa4d9b6e3709ad46319, type: 3}
      propertyPath: m_LocalRotation.y
      value: -0
      objectReference: {fileID: 0}
    - target: {fileID: 9061021865415277956, guid: d89f4f7ff4f55aa4d9b6e3709ad46319, type: 3}
      propertyPath: m_LocalRotation.z
      value: -0
      objectReference: {fileID: 0}
    - target: {fileID: 9061021865415277956, guid: d89f4f7ff4f55aa4d9b6e3709ad46319, type: 3}
      propertyPath: m_LocalEulerAnglesHint.x
      value: 0
      objectReference: {fileID: 0}
    - target: {fileID: 9061021865415277956, guid: d89f4f7ff4f55aa4d9b6e3709ad46319, type: 3}
      propertyPath: m_LocalEulerAnglesHint.y
      value: 0
      objectReference: {fileID: 0}
    - target: {fileID: 9061021865415277956, guid: d89f4f7ff4f55aa4d9b6e3709ad46319, type: 3}
      propertyPath: m_LocalEulerAnglesHint.z
      value: 0
      objectReference: {fileID: 0}
    - target: {fileID: 9061021865415277960, guid: d89f4f7ff4f55aa4d9b6e3709ad46319, type: 3}
      propertyPath: m_Name
      value: Coin (5)
      objectReference: {fileID: 0}
    m_RemovedComponents: []
  m_SourcePrefab: {fileID: 100100000, guid: d89f4f7ff4f55aa4d9b6e3709ad46319, type: 3}
--- !u!4 &1664612093 stripped
Transform:
  m_CorrespondingSourceObject: {fileID: 9061021865415277956, guid: d89f4f7ff4f55aa4d9b6e3709ad46319, type: 3}
  m_PrefabInstance: {fileID: 695926987}
  m_PrefabAsset: {fileID: 0}
--- !u!1001 &1943510304
PrefabInstance:
  m_ObjectHideFlags: 0
  serializedVersion: 2
  m_Modification:
    m_TransformParent: {fileID: 1366930234}
    m_Modifications:
    - target: {fileID: 9061021865415277956, guid: d89f4f7ff4f55aa4d9b6e3709ad46319, type: 3}
      propertyPath: m_RootOrder
      value: 0
      objectReference: {fileID: 0}
    - target: {fileID: 9061021865415277956, guid: d89f4f7ff4f55aa4d9b6e3709ad46319, type: 3}
      propertyPath: m_LocalPosition.x
      value: -4.85
      objectReference: {fileID: 0}
    - target: {fileID: 9061021865415277956, guid: d89f4f7ff4f55aa4d9b6e3709ad46319, type: 3}
      propertyPath: m_LocalPosition.y
      value: -2.0975127
      objectReference: {fileID: 0}
    - target: {fileID: 9061021865415277956, guid: d89f4f7ff4f55aa4d9b6e3709ad46319, type: 3}
      propertyPath: m_LocalPosition.z
      value: 0.08013331
      objectReference: {fileID: 0}
    - target: {fileID: 9061021865415277956, guid: d89f4f7ff4f55aa4d9b6e3709ad46319, type: 3}
      propertyPath: m_LocalRotation.w
      value: 1
      objectReference: {fileID: 0}
    - target: {fileID: 9061021865415277956, guid: d89f4f7ff4f55aa4d9b6e3709ad46319, type: 3}
      propertyPath: m_LocalRotation.x
      value: -0
      objectReference: {fileID: 0}
    - target: {fileID: 9061021865415277956, guid: d89f4f7ff4f55aa4d9b6e3709ad46319, type: 3}
      propertyPath: m_LocalRotation.y
      value: -0
      objectReference: {fileID: 0}
    - target: {fileID: 9061021865415277956, guid: d89f4f7ff4f55aa4d9b6e3709ad46319, type: 3}
      propertyPath: m_LocalRotation.z
      value: -0
      objectReference: {fileID: 0}
    - target: {fileID: 9061021865415277956, guid: d89f4f7ff4f55aa4d9b6e3709ad46319, type: 3}
      propertyPath: m_LocalEulerAnglesHint.x
      value: 0
      objectReference: {fileID: 0}
    - target: {fileID: 9061021865415277956, guid: d89f4f7ff4f55aa4d9b6e3709ad46319, type: 3}
      propertyPath: m_LocalEulerAnglesHint.y
      value: 0
      objectReference: {fileID: 0}
    - target: {fileID: 9061021865415277956, guid: d89f4f7ff4f55aa4d9b6e3709ad46319, type: 3}
      propertyPath: m_LocalEulerAnglesHint.z
      value: 0
      objectReference: {fileID: 0}
    - target: {fileID: 9061021865415277960, guid: d89f4f7ff4f55aa4d9b6e3709ad46319, type: 3}
      propertyPath: m_Name
      value: Coin
      objectReference: {fileID: 0}
    m_RemovedComponents: []
  m_SourcePrefab: {fileID: 100100000, guid: d89f4f7ff4f55aa4d9b6e3709ad46319, type: 3}
--- !u!1001 &2040136038
PrefabInstance:
  m_ObjectHideFlags: 0
  serializedVersion: 2
  m_Modification:
    m_TransformParent: {fileID: 0}
    m_Modifications:
    - target: {fileID: 489082321449173542, guid: 29754d772f4b9e44fbc7db3b16842865, type: 3}
      propertyPath: m_Name
      value: Portal
      objectReference: {fileID: 0}
    - target: {fileID: 7142060303614736682, guid: 29754d772f4b9e44fbc7db3b16842865, type: 3}
      propertyPath: m_RootOrder
      value: 2
      objectReference: {fileID: 0}
    - target: {fileID: 7142060303614736682, guid: 29754d772f4b9e44fbc7db3b16842865, type: 3}
      propertyPath: m_LocalPosition.x
      value: -9.43
      objectReference: {fileID: 0}
    - target: {fileID: 7142060303614736682, guid: 29754d772f4b9e44fbc7db3b16842865, type: 3}
      propertyPath: m_LocalPosition.y
      value: 0.26
      objectReference: {fileID: 0}
    - target: {fileID: 7142060303614736682, guid: 29754d772f4b9e44fbc7db3b16842865, type: 3}
      propertyPath: m_LocalPosition.z
      value: 0
      objectReference: {fileID: 0}
    - target: {fileID: 7142060303614736682, guid: 29754d772f4b9e44fbc7db3b16842865, type: 3}
      propertyPath: m_LocalRotation.w
      value: 1
      objectReference: {fileID: 0}
    - target: {fileID: 7142060303614736682, guid: 29754d772f4b9e44fbc7db3b16842865, type: 3}
      propertyPath: m_LocalRotation.x
      value: 0
      objectReference: {fileID: 0}
    - target: {fileID: 7142060303614736682, guid: 29754d772f4b9e44fbc7db3b16842865, type: 3}
      propertyPath: m_LocalRotation.y
      value: 0
      objectReference: {fileID: 0}
    - target: {fileID: 7142060303614736682, guid: 29754d772f4b9e44fbc7db3b16842865, type: 3}
      propertyPath: m_LocalRotation.z
      value: 0
      objectReference: {fileID: 0}
    - target: {fileID: 7142060303614736682, guid: 29754d772f4b9e44fbc7db3b16842865, type: 3}
      propertyPath: m_LocalEulerAnglesHint.x
      value: 0
      objectReference: {fileID: 0}
    - target: {fileID: 7142060303614736682, guid: 29754d772f4b9e44fbc7db3b16842865, type: 3}
      propertyPath: m_LocalEulerAnglesHint.y
      value: 0
      objectReference: {fileID: 0}
    - target: {fileID: 7142060303614736682, guid: 29754d772f4b9e44fbc7db3b16842865, type: 3}
      propertyPath: m_LocalEulerAnglesHint.z
      value: 0
      objectReference: {fileID: 0}
    - target: {fileID: 7347908530512949789, guid: 29754d772f4b9e44fbc7db3b16842865, type: 3}
      propertyPath: nextLevelName
      value: Level2
      objectReference: {fileID: 0}
    m_RemovedComponents: []
  m_SourcePrefab: {fileID: 100100000, guid: 29754d772f4b9e44fbc7db3b16842865, type: 3}
--- !u!1001 &8021062912942995051
PrefabInstance:
  m_ObjectHideFlags: 0
  serializedVersion: 2
  m_Modification:
    m_TransformParent: {fileID: 1090644595}
    m_Modifications:
    - target: {fileID: 4429265766496098957, guid: 4d86849859181c840a8fa9027bbf8b10, type: 3}
      propertyPath: m_Name
      value: platform
      objectReference: {fileID: 0}
    - target: {fileID: 6472517516956190439, guid: 4d86849859181c840a8fa9027bbf8b10, type: 3}
      propertyPath: m_RootOrder
      value: 0
      objectReference: {fileID: 0}
    - target: {fileID: 6472517516956190439, guid: 4d86849859181c840a8fa9027bbf8b10, type: 3}
      propertyPath: m_LocalPosition.x
      value: 7.82
      objectReference: {fileID: 0}
    - target: {fileID: 6472517516956190439, guid: 4d86849859181c840a8fa9027bbf8b10, type: 3}
      propertyPath: m_LocalPosition.y
      value: -0.52
      objectReference: {fileID: 0}
    - target: {fileID: 6472517516956190439, guid: 4d86849859181c840a8fa9027bbf8b10, type: 3}
      propertyPath: m_LocalPosition.z
      value: 0
      objectReference: {fileID: 0}
    - target: {fileID: 6472517516956190439, guid: 4d86849859181c840a8fa9027bbf8b10, type: 3}
      propertyPath: m_LocalRotation.w
      value: 1
      objectReference: {fileID: 0}
    - target: {fileID: 6472517516956190439, guid: 4d86849859181c840a8fa9027bbf8b10, type: 3}
      propertyPath: m_LocalRotation.x
      value: -0
      objectReference: {fileID: 0}
    - target: {fileID: 6472517516956190439, guid: 4d86849859181c840a8fa9027bbf8b10, type: 3}
      propertyPath: m_LocalRotation.y
      value: -0
      objectReference: {fileID: 0}
    - target: {fileID: 6472517516956190439, guid: 4d86849859181c840a8fa9027bbf8b10, type: 3}
      propertyPath: m_LocalRotation.z
      value: -0
      objectReference: {fileID: 0}
    - target: {fileID: 6472517516956190439, guid: 4d86849859181c840a8fa9027bbf8b10, type: 3}
      propertyPath: m_LocalEulerAnglesHint.x
      value: 0
      objectReference: {fileID: 0}
    - target: {fileID: 6472517516956190439, guid: 4d86849859181c840a8fa9027bbf8b10, type: 3}
      propertyPath: m_LocalEulerAnglesHint.y
      value: 0
      objectReference: {fileID: 0}
    - target: {fileID: 6472517516956190439, guid: 4d86849859181c840a8fa9027bbf8b10, type: 3}
      propertyPath: m_LocalEulerAnglesHint.z
      value: 0
      objectReference: {fileID: 0}
    m_RemovedComponents: []
  m_SourcePrefab: {fileID: 100100000, guid: 4d86849859181c840a8fa9027bbf8b10, type: 3}
--- !u!4 &8021062912942995052 stripped
Transform:
  m_CorrespondingSourceObject: {fileID: 6472517516956190439, guid: 4d86849859181c840a8fa9027bbf8b10, type: 3}
  m_PrefabInstance: {fileID: 8021062912942995051}
  m_PrefabAsset: {fileID: 0}
--- !u!1001 &8586727956536997735
PrefabInstance:
  m_ObjectHideFlags: 0
  serializedVersion: 2
  m_Modification:
    m_TransformParent: {fileID: 0}
    m_Modifications:
    - target: {fileID: 8586727957120062034, guid: ef815d30e9bdd4a448b168921f1fcbc6, type: 3}
      propertyPath: m_Name
      value: Player
      objectReference: {fileID: 0}
    - target: {fileID: 8586727957120062047, guid: ef815d30e9bdd4a448b168921f1fcbc6, type: 3}
      propertyPath: m_RootOrder
      value: 1
      objectReference: {fileID: 0}
    - target: {fileID: 8586727957120062047, guid: ef815d30e9bdd4a448b168921f1fcbc6, type: 3}
      propertyPath: m_LocalPosition.x
      value: 0
      objectReference: {fileID: 0}
    - target: {fileID: 8586727957120062047, guid: ef815d30e9bdd4a448b168921f1fcbc6, type: 3}
      propertyPath: m_LocalPosition.y
      value: 0
      objectReference: {fileID: 0}
    - target: {fileID: 8586727957120062047, guid: ef815d30e9bdd4a448b168921f1fcbc6, type: 3}
      propertyPath: m_LocalPosition.z
      value: 0
      objectReference: {fileID: 0}
    - target: {fileID: 8586727957120062047, guid: ef815d30e9bdd4a448b168921f1fcbc6, type: 3}
      propertyPath: m_LocalRotation.w
      value: 1
      objectReference: {fileID: 0}
    - target: {fileID: 8586727957120062047, guid: ef815d30e9bdd4a448b168921f1fcbc6, type: 3}
      propertyPath: m_LocalRotation.x
      value: 0
      objectReference: {fileID: 0}
    - target: {fileID: 8586727957120062047, guid: ef815d30e9bdd4a448b168921f1fcbc6, type: 3}
      propertyPath: m_LocalRotation.y
      value: 0
      objectReference: {fileID: 0}
    - target: {fileID: 8586727957120062047, guid: ef815d30e9bdd4a448b168921f1fcbc6, type: 3}
      propertyPath: m_LocalRotation.z
      value: 0
      objectReference: {fileID: 0}
    - target: {fileID: 8586727957120062047, guid: ef815d30e9bdd4a448b168921f1fcbc6, type: 3}
      propertyPath: m_LocalEulerAnglesHint.x
      value: 0
      objectReference: {fileID: 0}
    - target: {fileID: 8586727957120062047, guid: ef815d30e9bdd4a448b168921f1fcbc6, type: 3}
      propertyPath: m_LocalEulerAnglesHint.y
      value: 0
      objectReference: {fileID: 0}
    - target: {fileID: 8586727957120062047, guid: ef815d30e9bdd4a448b168921f1fcbc6, type: 3}
      propertyPath: m_LocalEulerAnglesHint.z
      value: 0
      objectReference: {fileID: 0}
    m_RemovedComponents: []
  m_SourcePrefab: {fileID: 100100000, guid: ef815d30e9bdd4a448b168921f1fcbc6, type: 3}
--- !u!1001 &8895541462047334920
PrefabInstance:
  m_ObjectHideFlags: 0
  serializedVersion: 2
  m_Modification:
    m_TransformParent: {fileID: 0}
    m_Modifications:
    - target: {fileID: 6381900125415912790, guid: 683bea9ce60beda438298038d55ee686, type: 3}
      propertyPath: m_RootOrder
      value: 5
      objectReference: {fileID: 0}
    - target: {fileID: 6381900125415912790, guid: 683bea9ce60beda438298038d55ee686, type: 3}
      propertyPath: m_LocalPosition.x
      value: 0
      objectReference: {fileID: 0}
    - target: {fileID: 6381900125415912790, guid: 683bea9ce60beda438298038d55ee686, type: 3}
      propertyPath: m_LocalPosition.y
      value: 0
      objectReference: {fileID: 0}
    - target: {fileID: 6381900125415912790, guid: 683bea9ce60beda438298038d55ee686, type: 3}
      propertyPath: m_LocalPosition.z
      value: 0
      objectReference: {fileID: 0}
    - target: {fileID: 6381900125415912790, guid: 683bea9ce60beda438298038d55ee686, type: 3}
      propertyPath: m_LocalRotation.w
      value: 1
      objectReference: {fileID: 0}
    - target: {fileID: 6381900125415912790, guid: 683bea9ce60beda438298038d55ee686, type: 3}
      propertyPath: m_LocalRotation.x
      value: 0
      objectReference: {fileID: 0}
    - target: {fileID: 6381900125415912790, guid: 683bea9ce60beda438298038d55ee686, type: 3}
      propertyPath: m_LocalRotation.y
      value: 0
      objectReference: {fileID: 0}
    - target: {fileID: 6381900125415912790, guid: 683bea9ce60beda438298038d55ee686, type: 3}
      propertyPath: m_LocalRotation.z
      value: 0
      objectReference: {fileID: 0}
    - target: {fileID: 6381900125415912790, guid: 683bea9ce60beda438298038d55ee686, type: 3}
      propertyPath: m_LocalEulerAnglesHint.x
      value: 0
      objectReference: {fileID: 0}
    - target: {fileID: 6381900125415912790, guid: 683bea9ce60beda438298038d55ee686, type: 3}
      propertyPath: m_LocalEulerAnglesHint.y
      value: 0
      objectReference: {fileID: 0}
    - target: {fileID: 6381900125415912790, guid: 683bea9ce60beda438298038d55ee686, type: 3}
      propertyPath: m_LocalEulerAnglesHint.z
      value: 0
      objectReference: {fileID: 0}
    - target: {fileID: 6505311860648841440, guid: 683bea9ce60beda438298038d55ee686, type: 3}
      propertyPath: m_Name
      value: Game
      objectReference: {fileID: 0}
    m_RemovedComponents: []
  m_SourcePrefab: {fileID: 100100000, guid: 683bea9ce60beda438298038d55ee686, type: 3}
